<?xml version="1.0" encoding="UTF-8"?><collection xmlns="http://www.loc.gov/MARC21/slim"><record><leader>00514nam--2200181-i-4500</leader><controlfield tag="001">000018210</controlfield><controlfield tag="002">20161230</controlfield><controlfield tag="005">20161230201032</controlfield><controlfield tag="008">060222s1000------------r-----000-0-rus-d</controlfield><datafield ind1=" " ind2=" " tag="040"><subfield code="a">IFIN-HH</subfield></datafield><datafield ind1=" " ind2=" " tag="041"><subfield code="a">rus</subfield></datafield><datafield ind1="1" ind2="0" tag="100"><subfield code="a">Matveev, V.V</subfield></datafield><datafield ind1="1" ind2="0" tag="245"><subfield code="a">Probori dlia izmerenia ioniziruyusih izlucenii (osnovi teorii i proektirovanie)</subfield><subfield code="c">V.v. mateev, b.i. hazanov</subfield></datafield><datafield ind1=" " ind2=" " tag="260"><subfield code="a">Moskva</subfield><subfield code="b">Atomizdat</subfield><subfield code="c">1967</subfield></datafield><datafield ind1=" " ind2=" " tag="300"><subfield code="a">707P</subfield></datafield><datafield ind1="1" ind2=" " tag="700"><subfield code="a">Hazanov, B.I</subfield></datafield><datafield ind1=" " ind2=" " tag="852"><subfield code="a">27770</subfield><subfield code="c">539.1.07:539.1.08</subfield></datafield><datafield ind1=" " ind2=" " tag="CAT"><subfield code="a">Sys</subfield><subfield code="c">20111019</subfield><subfield code="h">154720</subfield></datafield></record></collection>